\@book{Квадригин,
	author = "Квадригин~Ф.",		
	title = "На байдарке",	
	publisher = "Самиздат",
	language = "russian"
}